<record><leader>00000cas a22000007a 4500</leader><controlfield tag="001">33193264</controlfield><controlfield tag="008">950923d18971901okuwr n       0    0eng d</controlfield><datafield ind1=" " ind2=" " tag="010"><subfield code="a">sn 95076142 </subfield></datafield><datafield ind1=" " ind2=" " tag="040"><subfield code="a">OBN</subfield><subfield code="b">eng</subfield><subfield code="c">OBN</subfield><subfield code="d">OCLCQ</subfield><subfield code="d">OCLCO</subfield></datafield><datafield ind1="1" ind2=" " tag="029"><subfield code="a">AU@</subfield><subfield code="b">000025854550</subfield></datafield><datafield ind1=" " ind2=" " tag="042"><subfield code="a">msc</subfield></datafield><datafield ind1=" " ind2=" " tag="043"><subfield code="a">n-us-ok</subfield></datafield><datafield ind1="0" ind2=" " tag="130"><subfield code="a">Publicist (Chandler, Okla. : 1897)</subfield></datafield><datafield ind1="1" ind2="4" tag="245"><subfield code="a">The Publicist.</subfield></datafield><datafield ind1="3" ind2=" " tag="246"><subfield code="a">Chandler publicist</subfield></datafield><datafield ind1=" " ind2=" " tag="260"><subfield code="a">Chandler, O.T. [Okla.] :</subfield><subfield code="b">W.H. French</subfield></datafield><datafield ind1=" " ind2=" " tag="300"><subfield code="a">v.</subfield></datafield><datafield ind1=" " ind2=" " tag="310"><subfield code="a">Weekly</subfield></datafield><datafield ind1="0" ind2=" " tag="362"><subfield code="a">Vol. 3, no. 51 (Apr. 2, 1897)-v. 8, no. 9 (July 12, 1901).</subfield></datafield><datafield ind1=" " ind2="0" tag="650"><subfield code="a">Populism</subfield><subfield code="z">Oklahoma</subfield><subfield code="v">Newspapers.</subfield></datafield><datafield ind1=" " ind2="0" tag="651"><subfield code="a">Chandler (Okla.)</subfield><subfield code="v">Newspapers.</subfield></datafield><datafield ind1=" " ind2="0" tag="651"><subfield code="a">Lincoln County (Okla.)</subfield><subfield code="v">Newspapers.</subfield></datafield><datafield ind1=" " ind2="0" tag="651"><subfield code="a">Oklahoma Territory (Okla.)</subfield><subfield code="v">Newspapers.</subfield></datafield><datafield ind1=" " ind2=" " tag="752"><subfield code="a">United States</subfield><subfield code="b">Oklahoma</subfield><subfield code="c">Lincoln</subfield><subfield code="d">Chandler.</subfield></datafield><datafield ind1="0" ind2="0" tag="780"><subfield code="t">Chandler publicist (Chandler, Okla. : 1894)</subfield><subfield code="w">(DLC)sn 89051082</subfield><subfield code="w">(OCoLC)19277926</subfield></datafield><datafield ind1="0" ind2="0" tag="785"><subfield code="t">Chandler publicist (Chandler, Okla. : 1901)</subfield><subfield code="w">(DLC)sn 95076143</subfield><subfield code="w">(OCoLC)33193272</subfield></datafield></record>